@misc{kia4sm,
    title = {KIA4SM - Cooperative Integration Architecture for Future Smart Mobility Solutions},
    year = {2015},
    author = {{Sebastian Eckl} and {Daniel Krefft} and {Uwe Baumgarten}}
}

@misc{rtcr,
    title = {Design and Development of real-time capable Checkpoint/Restore Mechanisms for L4 Fiasco.OC/Genode},
    year = {2016},
    author = {Denis Huber}
}

@misc{rtcr2,
    title = {Modularization of a Checkpoint/Restore Mechanism for L4 Fiasco.OC/Genode and Performance Evaluation Considering Existing Hardware/Software-based Optimizations},
    year = {2020},
    author = {Johannes Fischer}
}

@misc{website,
    title = {An Initial Design of a Website Snapshot Management System},
    author = {David Chao},
    howpublished = {\url{https://citeseerx.ist.psu.edu/viewdoc/download?doi=10.1.1.466.2523&rep=rep1&type=pdf}},
    note = {Accessed on 2021-10-21}
}

@article{micro,
    title = {On Micro-Kernel Construction},
    journal = {SOSP '95: Proceedings of the fifteenth ACM symposium on Operating systems principles},
    year = {1995},
    author = {Jochen Liedtke},
    doi = {10.1145/224056.224075}
}

@misc{fiasco,
    title = {Fiasco The L4Re Microkernel},
    subtitle = {Features [Online]},
    howpublished = {\url{https://os.inf.tu-dresden.de/fiasco/features.html}},
    note = {Accessed on 2021-10-22}
}

@misc{genode_foundations,
    title = {Genode Operating System Framework 21.05},
    subtitle = {Foundations [Online]},
    year = {2021},
    howpublished = {\url{https://genode.org/documentation/genode-foundations-21-05.pdf}},
    author = {Norman Feske},
    note = {Accessed on 2021-10-22}
}

@misc{client-server_tutorial,
    title = {A simple client-server scenario [Online]},
    howpublished = {\url{https://genode.org/documentation/developer-resources/client\_server_tutorial}},
    note = {Accessed on 2021-10-26}
}

@misc{dsm,
    title = {Extension of L4 Fiasco.OC and Genode OS Framework by the Concept of a Distributed Shared Memory},
    year = {2016},
    author = {Alexander Weidinger}
}

@misc{package_management,
    title = {Package management on Genode [Online]},
    howpublished = {\url{https://genode.org/documentation/developer-resources/package\_management}},
    note = {Accessed on 2021-10-20}
}

@misc{build_system,
    title = {The Genode build system [Online]},
    howpublished = {\url{https://genode.org/documentation/developer-resources/build\_system}},
    note = {Accessed on 2021-10-30}
}

@misc{nic,
    title = {Release notes for the Genode OS Framework 21.02},
    subtitle = {Pluggable network device drivers [Online]},
    howpublished = {\url{https://genode.org/documentation/release-notes/21.02\#Pluggable\_network_device_drivers}},
    note = {Accessed on 2021-10-20}
}

@misc{init_config,
    title = {Configuring the init component of Genode [Online]},
    howpublished = {\url{https://genode.org/documentation/developer-resources/init}},
    note = {Accessed on 2021-10-30}
}

@misc{vfs_basics,
    title = {Genode's VFS \#1: The basics [Online]},
    author = {Martin Stein},
    howpublished = {\url{https://genodians.org/m-stein/2021-06-21-vfs-1}},
    note = {Accessed on 2021-10-30}
}

@misc{vfs_networking,
    title = {Genode's VFS \#3: Networking [Online]},
    howpublished = {\url{https://genodians.org/m-stein/2021-09-23-vfs-3}},
    author = {Martin Stein},
    note = {Accessed on 2021-10-30}
}

@misc{nic_readme,
    title = {nic\_router/README [Online]},
    author = {Martin Stein and Christian Helmuth},
    howpublished = {\url{https://github.com/genodelabs/genode/blame/master/repos/os/src/server/nic\_router/README}},
    note = {Accessed on 2021-10-30}
}







